@incollection{uppaaltron2008,
	title = {Testing {Real-Time} Systems Using {UPPAAL}},
	booktitle = {Formal Methods and Testing},
	author = {Anders Hessel and Kim Larsen and Marius Mikucionis and Brian Nielsen and Paul Pettersson and Arne Skou},
	year = {2008},
	pages = {77--117}
}

@InProceedings{uppaaltron2005,
  author =       {Kim G. Larsen and Marius Mikucionis and Brian Nielsen},
  title =        {Testing real-time embedded software using {UPPAAL-TRON}: an industrial case study},
  booktitle =    {the 5th ACM international conference on Embedded software},
  pages =        {299 - 306},
  year =         {2005},
  month =        {September 18--22},
  publisher =    {ACM Press New York, NY, USA}
}

@inproceedings{uppaalcover2007,
  title={{CoVer} - a real-time test case generation tool},
  author={Hessel, Anders and Pettersson, Paul},
  booktitle={19th IFIP International Conference on Testing of Communicating Systems and 7th International Workshop on Formal Approaches to Testing of Software},
  year={2007}
}

@ARTICLE{multirobot2005,
author={W. {Burgard} and M. {Moors} and C. {Stachniss} and F. E. {Schneider}},
journal={IEEE Transactions on Robotics},
title={Coordinated multi-robot exploration},
year={2005},
volume={21},
number={3},
pages={376-386},
doi={10.1109/TRO.2004.839232},
month={June}}

@article{multirobotsurvey2013,
author = {Zhi Yan and Nicolas Jouandeau and Arab Ali Cherif},
title ={A Survey and Analysis of Multi-Robot Coordination},
journal = {International Journal of Advanced Robotic Systems},
volume = {10},
number = {12},
pages = {399},
year = {2013},
doi = {10.5772/57313}
}

@inproceedings{donze2010robust,
  title={Robust satisfaction of temporal logic over real-valued signals},
  author={Donz{\'e}, Alexandre and Maler, Oded},
  booktitle={International Conference on Formal Modeling and Analysis of Timed Systems},
  pages={92--106},
  year={2010},
  organization={Springer}
}

@inproceedings{annpureddy2011s,
  title={S-taliro: A tool for temporal logic falsification for hybrid systems},
  author={Annpureddy, Yashwanth and Liu, Che and Fainekos, Georgios and Sankaranarayanan, Sriram},
  booktitle={International Conference on Tools and Algorithms for the Construction and Analysis of Systems},
  pages={254--257},
  year={2011},
  organization={Springer}
}

@inproceedings{ROS,
  author="Morgan Quigley and Brian Gerkey and Ken Conley and Josh Faust and Tully Foote and Jeremy Leibs and Eric Berger and Rob Wheeler and Andrew Ng",
  title="ROS: an open-source Robot Operating System",
  booktitle="Proc. of the {IEEE} Intl. Conf. on Robotics and Automation ({ICRA}) Workshop on Open Source Robotics",
  month = may,
  year=2009,
  address="Kobe, Japan"
}

@misc{mleplussoftware,
  title = {{{MLE}}+: A {{Matlab-EnergyPlus Co-simulation Interface}}},
  author = {Nghiem, Truong X.},
  year = {2022},
  month = jul,
  howpublished = {\url{https://github.com/nxtruong/mle-legacy}}
}

@inproceedings{bernalMLEToolIntegrated2012a,
  title = {{{MLE}}+: A Tool for Integrated Design and Deployment of Energy Efficient Building Controls},
  booktitle = {Proceedings of the 4th {{ACM Workshop}} on {{Embedded Sensing Systems}} for {{Energy-Efficiency}} in {{Buildings}} ({{BuildSys}}'12)},
  author = {Bernal, Willy and Behl, Madhur and Nghiem, Truong X. and Mangharam, Rahul},
  year = {2012},
  month = nov,
  pages = {123--130},
  publisher = {{ACM}},
  address = {{Toronto, Ontario, Canada}},
  doi = {10.1145/2422531.2422553}
}

@misc{openbuildnetsoftware,
  title = {{{OpenBuildNet Co-Simulation Platform}}},
  author = {Nghiem, Truong X.},
  year = {2022},
  month = jul,
  howpublished = {\url{https://github.com/nxt-lab/openBuildNet}}
}

@inproceedings{nghiemOpenBuildNetFrameworkDistributed2016,
  title = {{{OpenBuildNet Framework}} for {{Distributed Co-Simulation}} of {{Smart Energy Systems}}},
  booktitle = {2016 14th {{International Conference}} on {{Control}}, {{Automation}}, {{Robotics}} and {{Vision}} ({{ICARCV}})},
  author = {Nghiem, Truong X. and Bitlisli{\u o}glu, Alt{\u u}g and Gorecki, Tomasz and Qureshi, Faran A. and Jones, Colin N.},
  year = {2016},
  month = nov,
  pages = {1--6},
  doi = {10.1109/ICARCV.2016.7838701}
}